@misc{TemplateLNCS,
	title = {LNCS {Template}, ({Ultima} accesare: 17.12.2020)},
	note = {\url{https://www.overleaf.com/latex/templates/springer-lecture-notes-in-computer-science/kzwwpvhwnvfj#.WtR5Hy5ua71}}
}

@misc{TemplateLatex,
	author = {Gabriela Ciuprina},
	title = {Template {Latex} v5 ({Ultima} accesare: 16.12.2020)},
	note = {\url{https://acs.curs.pub.ro/2019/mod/resource/view.php?id=19677}}
}

@misc{GeeksforGeeks,
	author = {Sandeep Jain; Shikhar Goel; Dharmesh Singh; Shubham Baranwal},
	title = {Geeksfor{Geeks} {AVL} ({Ultima} accesare: 16.12.2020)},
	note = {\url{https://www.geeksforgeeks.org/avl-tree-set-1-insertion/} , \url{https://www.geeksforgeeks.org/avl-tree-set-2-deletion/}}
}

@misc{SD,
	author = {Echipa de {Structuri} de {Date} - {Universitatea} {Politehnic'a} {Bucure'sti}},
	title = {Structuri de {Date} (Ultima accesare: 17.12.2020)},
	note = {\url{https://acs.curs.pub.ro/2019/course/view.php?id=145}}
}

@misc{AVLVisualization,
	title = {{AVL} {Tree} {Visualization} ({Ultima} accesare: 17.12.2020)},
	note = {\url{https://www.cs.usfca.edu/~galles/visualization/AVLtree.html}}
}

@misc{HeapVisualization,
	title = {Heap {Visualization}({Ultima} accesare: 17.12.2020)},
	note = {\url{http://btv.melezinek.cz/binary-heap.html}}
}

@misc{MaxTool,
	title = {Minimum and Maximum of a list online({Ultima} accesare: 17.12.2020)},
	note = {\url{https://pinetools.com/minimum-maximum-list}}
}

@misc{Random,
	author = {Dr Mads Haahr; Dr Svend Haahr},
	title = {Random.org, {Integer} - {Sets} ({Ultima} accesare: 17.12.2020)},
	note = {\url{https://www.random.org/integer-sets/}}
}

@misc{Endmemo,
	title = {Endmemo - {Online} {Number} {Sorter} ({Ultima} accesare: 18.12.2020)},
	note = {\url{http://www.endmemo.com/math/numsort.php}}
}