@misc{TemplateLatex,
	author = {Gabriela Ciuprina},
	title = {Template {Latex} v5 ({Ultima} accesare: 05.01.2021)},
	note = {\url{https://acs.curs.pub.ro/2019/mod/resource/view.php?id=19677}}
}

@misc{TimerSite,
	author= {Joshua Brooks},
	title = {Simple {Electronic} {Piano}},
	note = {\url{https://www.instructables.com/Simple-Electronic-Piano/}}
}

@misc{555Timer,
	title = {Simple 555 piano},
	note = {\url{https://www.tinkercad.com/things/i0Fygjxe6Pi}}
}

@misc{Arduino,
	title = {Piano},
	note = {\url{https://www.tinkercad.com/things/hPWb1diqMaK}}
}