@misc{Greedy,
	author = {Muresan Vasile Ciprian},
	title = {Sursa problema {Greedy} - {Probleme} de {Informatic'a}({Ultima} accesare: 23.04.2021)},
	note = {\url{https://info.mcip.ro/?cap=Greedy&prob=592}}
}