@misc{TemplateLatex,
	author = {Gabriela Ciuprina},
	title = {Template {Latex} v5 ({Ultima} accesare: 26.04.2021)},
	note = {\url{https://acs.curs.pub.ro/2019/mod/resource/view.php?id=19677}}
}

@misc{Arduino,
	author = {Du'tu Alin C'alin 'si Iftimie Adelin},
	title = {Arduino Piano - proiect mai vechi realizat de mine 'si de un coleg de grup'a la {Electronic'a} {Analogic'a} ({Ultima} accesare: 26.04.2021)},
	note = {\url{https://www.tinkercad.com/things/dIhJH05zwqa}}
}